<record><leader>00000cas a2200000 a 4500</leader><controlfield tag="001">35094960</controlfield><controlfield tag="008">960717d188119uumiuwr ne      0    0eng c</controlfield><datafield ind1=" " ind2=" " tag="010"><subfield code="a">sn 96076851 </subfield></datafield><datafield ind1=" " ind2=" " tag="040"><subfield code="a">MHN</subfield><subfield code="b">eng</subfield><subfield code="c">MHN</subfield><subfield code="d">OCL</subfield><subfield code="d">OCLCQ</subfield><subfield code="d">OCLCF</subfield><subfield code="d">OCLCO</subfield></datafield><datafield ind1="1" ind2=" " tag="029"><subfield code="a">AU@</subfield><subfield code="b">000012679635</subfield></datafield><datafield ind1=" " ind2=" " tag="042"><subfield code="a">pcc</subfield></datafield><datafield ind1=" " ind2=" " tag="043"><subfield code="a">n-us-mi</subfield></datafield><datafield ind1="0" ind2="0" tag="245"><subfield code="a">Elk Rapids progress.</subfield></datafield><datafield ind1=" " ind2=" " tag="260"><subfield code="a">Elk Rapids, Antrim Co., Mich. :</subfield><subfield code="b">Benjamin F. Davis</subfield></datafield><datafield ind1=" " ind2=" " tag="300"><subfield code="a">v.</subfield></datafield><datafield ind1=" " ind2=" " tag="310"><subfield code="a">Weekly</subfield></datafield><datafield ind1="0" ind2=" " tag="362"><subfield code="a">Vol. 9, no. 47 (Oct. 7, 1881)-</subfield></datafield><datafield ind1=" " ind2="0" tag="651"><subfield code="a">Elk Rapids (Mich.)</subfield><subfield code="v">Newspapers.</subfield></datafield><datafield ind1=" " ind2="0" tag="651"><subfield code="a">Antrim County (Mich.)</subfield><subfield code="v">Newspapers.</subfield></datafield><datafield ind1=" " ind2="7" tag="655"><subfield code="a">Newspapers.</subfield><subfield code="2">fast</subfield><subfield code="0">(OCoLC)fst01423814</subfield></datafield><datafield ind1=" " ind2="7" tag="651"><subfield code="a">Michigan</subfield><subfield code="z">Antrim County.</subfield><subfield code="2">fast</subfield><subfield code="0">(OCoLC)fst01207653</subfield></datafield><datafield ind1=" " ind2="7" tag="651"><subfield code="a">Michigan</subfield><subfield code="z">Elk Rapids.</subfield><subfield code="2">fast</subfield><subfield code="0">(OCoLC)fst01216556</subfield></datafield><datafield ind1=" " ind2=" " tag="752"><subfield code="a">United States</subfield><subfield code="b">Michigan</subfield><subfield code="c">Antrim</subfield><subfield code="d">Elk Rapids.</subfield></datafield><datafield ind1="0" ind2="0" tag="780"><subfield code="t">Traverse Bay progress</subfield><subfield code="w">(DLC)sn 85033617</subfield><subfield code="w">(OCoLC)12115761</subfield></datafield></record>